@article{atkinson2011,
  title={Phonemic diversity supports a serial founder effect model of language expansion from Africa},
  author={Atkinson, Quentin D},
  journal={Science},
  volume={332},
  number={6027},
  pages={346--349},
  year={2011},
  publisher={American Association for the Advancement of Science}
}

@article{bentz2018,
  title={The evolution of language families is shaped by the environment beyond neutral drift},
  author={Bentz, Christian and Dediu, Dan and Verkerk, Annemarie and J{\"a}ger, Gerhard},
  journal={Nature Human Behaviour},
  volume={2},
  number={11},
  pages={816--821},
  year={2018},
  publisher={Nature Publishing Group}
}

@article{dediu2017,
  title={Language is not isolated from its wider environment: vocal tract influences on the evolution of speech and language},
  author={Dediu, Dan and Janssen, Rick and Moisik, Scott R},
  journal={Language \& Communication},
  volume={54},
  pages={9--20},
  year={2017},
  publisher={Elsevier}
}

@manual{dplyr,
    title = {{dplyr}: A Grammar of Data Manipulation},
    author = {Hadley Wickham and Romain François and Lionel Henry and Kirill Müller},
    year = {2022},
    note = {R package version 1.0.10},
    url = {https://CRAN.R-project.org/package=dplyr},
}

@article{eccel2012,
  title={Estimating air humidity from temperature and precipitation measures for modelling applications},
  author={Eccel, Emanuele},
  journal={Meteorological Applications},
  volume={19},
  number={1},
  pages={118--128},
  year={2012},
  publisher={Wiley Online Library}
}

@article{ember2007,
  title={Climate, econiche, and sexuality: Influences on sonority in language},
  author={Ember, Carol R and Ember, Melvin},
  journal={American Anthropologist},
  volume={109},
  number={1},
  pages={180--185},
  year={2007},
  publisher={Wiley Online Library}
}

@misc{etopo,
	title={ETOPO 2022 15 Arc-Second Global Relief Model},
	author={{NOAA National Centers for Environmental Information}},
	 publisher={NOAA National Centers for Environmental Information},
	year={2022},
	url={https://doi.org/10.25921/fd45-gt74}
}

@article{everett2013,
  title={Evidence for direct geographic influences on linguistic sounds: The case of ejectives},
  author={Everett, Caleb},
  journal={PLoS One},
  volume={8},
  number={6},
  pages={e65275},
  year={2013},
  publisher={Public Library of Science}
}

@article{everett2015,
  title={Climate, vocal folds, and tonal languages: Connecting the physiological and geographic dots},
  author={Everett, Caleb and Blasi, Dami{\'a}n E and Roberts, Se{\'a}n G},
  journal={Proceedings of the National Academy of Sciences},
  volume={112},
  number={5},
  pages={1322--1327},
  year={2015},
  publisher={National Academy of Sciences}
}

@article{everett2016,
  title={Language evolution and climate: the case of desiccation and tone},
  author={Everett, Caleb and Blasi, Dami{\'a}n E and Roberts, Se{\'a}n G},
  journal={Journal of Language Evolution},
  volume={1},
  number={1},
  pages={33--46},
  year={2016},
  publisher={Oxford University Press}
}

@article{fought2004,
  title={Sonority and climate in a world sample of languages: Findings and prospects},
  author={Fought, John G and Munroe, Robert L and Fought, Carmen R and Good, Erin M},
  journal={Cross-cultural research},
  volume={38},
  number={1},
  pages={27--51},
  year={2004},
  publisher={Sage Publications}
}

@book{ggplot2,
    author = {Hadley Wickham},
    title = {{ggplot2}: Elegant Graphics for Data Analysis},
    publisher = {Springer-Verlag New York},
    year = {2016},
    isbn = {978-3-319-24277-4},
    url = {https://ggplot2.tidyverse.org},
}

@manual{ggpubr,
    title = {{ggpubr}: 'ggplot2' Based Publication Ready Plots},
    author = {Alboukadel Kassambara},
    year = {2022},
    note = {R package version 0.5.0},
    url = {https://CRAN.R-project.org/package=ggpubr},
}

@dataset{glottolog,
  author       = {Harald Hammarström and
                  Robert Forkel and
                  Martin Haspelmath and
                  Sebastian Bank},
  title        = {{glottolog/glottolog}: Glottolog database 4.6},
  month        = may,
  year         = 2022,
  publisher    = {Zenodo},
  version      = {v4.6},
  doi          = {10.5281/zenodo.6578297},
  url          = {https://doi.org/10.5281/zenodo.6578297}
}

@misc{hammarstroem2013,
  title={{C. Everett's} ejectives/altitude correlation is not significant},
  url={https://dlc.hypotheses.org/491},
  journal={Diversity Linguistics Comment},
  publisher={Hypotheses},
  author={Hammarström, Harald}, 
  year={2013}, 
  month={Jun}
} 

@article{hay2007,
  title={Phoneme inventory size and population size},
  author={Hay, Jennifer and Bauer, Laurie},
  journal={Language},
  volume={83},
  number={2},
  pages={388--400},
  year={2007},
  publisher={Linguistic Society of America}
}

@article{haynie2014,
  title={Geography and spatial analysis in historical linguistics},
  author={Haynie, Hannah J},
  journal={Language and Linguistics Compass},
  volume={8},
  number={8},
  pages={344--357},
  year={2014},
  publisher={Wiley Online Library}
}

@article{hua2019,
  title={The ecological drivers of variation in global language diversity},
  author={Hua, Xia and Greenhill, Simon J and Cardillo, Marcel and Schneemann, Hilde and Bromham, Lindell},
  journal={Nature Communications},
  volume={10},
  number={1},
  pages={1--10},
  year={2019},
  publisher={Nature Publishing Group}
}

@article{koskela2007,
  title={Cold air-provoked respiratory symptoms: the mechanisms and management},
  author={Koskela, Heikki Olavi},
  journal={International Journal of Circumpolar Health},
  volume={66},
  number={2},
  pages={91--100},
  year={2007},
  publisher={Taylor \& Francis}
}

@article{ladd2015,
  title={Correlational studies in typological and historical linguistics},
  author={Ladd, D Robert and Roberts, Se{\'a}n G and Dediu, Dan},
  journal={Annual Review of Linguistics},
  volume={1},
  pages={221--241},
  year={2015}
}

@inbook{nichols2014,
  place={Berlin},
  title={The vertical archipelago: Adding the third dimension to linguistic geography},
  booktitle={Space in Language and Linguistics}, 
  publisher={De Gruyter}, 
  author={Nichols, Johanna}, 
  editor={Auer, Peter and Hilpert, Martin and Stukenbrock, Anja and Szmrecsanyi, Benedikt}, 
  year={2014}, 
  pages={38–60}
} 

@article{noelle2020,
  title={Language as shaped by the environment: linguistic construal in a collaborative spatial task},
  author={N{\"o}lle, Jonas and Fusaroli, Riccardo and Mills, Gregory J and Tyl{\'e}n, Kristian},
  journal={Palgrave Communications},
  volume={6},
  number={1},
  pages={1--10},
  year={2020},
  publisher={Palgrave}
}

@book{phoible,
  address   = {Jena},
  editor    = {Steven Moran and Daniel McCloy},
  publisher = {Max Planck Institute for the Science of Human History},
  title     = {PHOIBLE 2.0},
  url       = {https://phoible.org/},
  year      = {2019}
}

@manual{R,
    title = {R: A Language and Environment for Statistical Computing},
    author = {{R Core Team}},
    organization = {R Foundation for Statistical Computing},
    address = {Vienna, Austria},
    year = {2022},
    url = {https://www.R-project.org/},
 }

@manual{raster,
    title = {raster: Geographic Data Analysis and Modeling},
    author = {Robert J. Hijmans},
    year = {2022},
    note = {R package version 3.6-3},
    url = {https://CRAN.R-project.org/package=raster},
}

@article{urban2021,
  title={Altitude and the distributional typology of language structure: Ejectives and beyond},
  author={Urban, Matthias and Moran, Steven},
  journal={PLoS One},
  volume={16},
  number={2},
  pages={e0245522},
  year={2021},
  publisher={Public Library of Science San Francisco, CA USA}
}

@book{wals,
  address   = {Leipzig},
  editor    = {Matthew S. Dryer and Martin Haspelmath},
  publisher = {Max Planck Institute for Evolutionary Anthropology},
  title     = {{WALS Online}},
  url       = {https://wals.info/},
  year      = {2013}
}

@article{worldclim,
  title={{WorldClim} 2: new 1-km spatial resolution climate surfaces for global land areas},
  author={Fick, Stephen E and Hijmans, Robert J},
  journal={International Journal of Climatology},
  volume={37},
  number={12},
  pages={4302--4315},
  year={2017},
  publisher={Wiley Online Library}
}
